@article{prorok2021beyondRobustness,
  title={Beyond robustness: A taxonomy of approaches towards resilient multi-robot systems},
  author={Prorok, Amanda and Malencia, Matthew and Carlone, Luca and Sukhatme, Gaurav S and Sadler, Brian M and Kumar, Vijay},
  journal={arXiv preprint arXiv:2109.12343},
  year={2021}
}

@inproceedings{decentralizedMultiRobotPathPlanning,
  title={Graph neural networks for decentralized multi-robot path planning},
  author={Li, Qingbiao and Gama, Fernando and Ribeiro, Alejandro and Prorok, Amanda},
  booktitle={2020 IEEE/RSJ International Conference on Intelligent Robots and Systems (IROS)},
  pages={11785--11792},
  year={2020},
  organization={IEEE}
}

@article{messageAwareGraphAttentionMultiRobotPath,
  title={Message-aware graph attention networks for large-scale multi-robot path planning},
  author={Li, Qingbiao and Lin, Weizhe and Liu, Zhe and Prorok, Amanda},
  journal={IEEE Robotics and Automation Letters},
  volume={6},
  number={3},
  pages={5533--5540},
  year={2021},
  publisher={IEEE}
}

@inproceedings{aFrameworkForRealWorldMultiRobotSystemsRunningDecentralizedGNNBasedPolicies,
  title={A framework for real-world multi-robot systems running decentralized GNN-based policies},
  author={Blumenkamp, Jan and Morad, Steven and Gielis, Jennifer and Li, Qingbiao and Prorok, Amanda},
  booktitle={2022 International Conference on Robotics and Automation (ICRA)},
  pages={8772--8778},
  year={2022},
  organization={IEEE}
}

@article{lLearningToNavigateUsingVisualSensorNetworks,
  title={Learning to Navigate using Visual Sensor Networks},
  author={Blumenkamp, Jan and Li, Qingbiao and Wang, Binyu and Liu, Zhe and Prorok, Amanda},
  journal={arXiv preprint arXiv:2208.00759},
  year={2022}
}

@inproceedings{HeterogeneousMultiRobotReinforcementLearning,
  title = {Heterogeneous Multi-Robot Reinforcement Learning},
  author = {Bettini, Matteo and Shankar, Ajay and Prorok, Amanda},
  year = {2023},
  booktitle = {Proceedings of the 22nd International Conference on Autonomous Agents and Multiagent Systems},
  publisher = {International Foundation for Autonomous Agents and Multiagent Systems},
  series = {AAMAS '23}
}

@inproceedings{deepwalk,
 author = {Perozzi, Bryan and Al-Rfou, Rami and Skiena, Steven},
 title = {DeepWalk: Online Learning of Social Representations},
 booktitle = {Proceedings of the 20th ACM SIGKDD International Conference on Knowledge Discovery and Data Mining},
 series = {KDD '14},
 year = {2014},
 isbn = {978-1-4503-2956-9},
 location = {New York, New York, USA},
 pages = {701--710},
 numpages = {10},
 url = {http://doi.acm.org/10.1145/2623330.2623732},
 doi = {10.1145/2623330.2623732},
 acmid = {2623732},
 publisher = {ACM},
 address = {New York, NY, USA},
 keywords = {deep learning, latent representations, learning with partial labels, network classification, online learning, social networks},
}

@inproceedings{node2vec,
author = {Grover, Aditya and Leskovec, Jure},
 title = {node2vec: Scalable Feature Learning for Networks},
 booktitle = {Proceedings of the 22nd ACM SIGKDD International Conference on Knowledge Discovery and Data Mining},
 year = {2016}
}

@inproceedings{gcn,
  title={Semi-Supervised Classification with Graph Convolutional Networks},
  author={Kipf, Thomas N. and Welling, Max},
  booktitle={International Conference on Learning Representations (ICLR)},
  year={2017}
}

@inproceedings{graphsage,
     author = {Hamilton, William L. and Ying, Rex and Leskovec, Jure},
     title = {Inductive Representation Learning on Large Graphs},
     booktitle = {NIPS},
     year = {2017}
}

@article{
  gat,
  title="{Graph Attention Networks}",
  author={Veli{\v{c}}kovi{\'{c}}, Petar and Cucurull, Guillem and Casanova, Arantxa and Romero, Adriana and Li{\`{o}}, Pietro and Bengio, Yoshua},
  journal={International Conference on Learning Representations},
  year={2018},
  url={https://openreview.net/forum?id=rJXMpikCZ},
  note={accepted as poster},
}

@inproceedings{MultiplexHeterogeneousGraphConvolutionalNetwork,
  title={Multiplex Heterogeneous Graph Convolutional Network},
  author={Yu, Pengyang and Fu, Chaofan and Yu, Yanwei and Huang, Chao and Zhao, Zhongying and Dong, Junyu},
  booktitle={Proceedings of the 28th ACM SIGKDD Conference on Knowledge Discovery and Data Mining},
  pages={2377--2387},
  year={2022}
} 